<?xml version="1.0" encoding="UTF-8"?><collection xmlns="http://www.loc.gov/MARC21/slim"><record><leader>00413nam--2200133-i-4500</leader><controlfield tag="001">000019742</controlfield><controlfield tag="002">20161230</controlfield><controlfield tag="005">20161230201033</controlfield><controlfield tag="008">060222s1000------------r-----000-0-eng-d</controlfield><datafield ind1=" " ind2=" " tag="080"><subfield code="a">539.12(082.1)</subfield></datafield><datafield ind1=" " ind2=" " tag="245"><subfield code="a">Elementary particle physics.contributions by e.paul, h.rollnik, p.stichel.with 37 figures</subfield></datafield><datafield ind1=" " ind2=" " tag="260"><subfield code="a">Berlin, Springer-verlag, 1976. Vi + 145 P</subfield></datafield><datafield ind1=" " ind2=" " tag="490"><subfield code="a">Springer Tracts Im Modern Physics</subfield></datafield><datafield ind1=" " ind2=" " tag="852"><subfield code="a">506</subfield></datafield></record></collection>